@mastersthesis{tennis1,
    author    = "Michal Sipko",
    title     = "Machine Learning for the Prediction of Professional Tennis Matches",
    school    = "Imperial College London",
    type     = "MEng Computing â€“ Final Year Project",
    address  = "",
    year      = "2015",
    month    = "June",
    note     = "15"
}

@article{KNOTTENBELT20123820,
	title = "A common-opponent stochastic model for predicting the outcome of professional tennis matches",
	journal = "Computers and Mathematics with Applications",
	volume = "64",
	number = "12",
	pages = "3820 - 3827",
	year = "2012",
	note = "Theory and Practice of Stochastic Modeling",
	issn = "0898-1221",
	doi = "https://doi.org/10.1016/j.camwa.2012.03.005",
	url = "http://www.sciencedirect.com/science/article/pii/S0898122112002106",
	author = "William J. Knottenbelt and Demetris Spanias and Agnieszka M. Madurska",
	keywords = "Stochastic modelling, Tennis, Sport"
}

@article{Clarke2010,
	title = "Using official ratings to simulate major tennis tournaments",
	journal = "International Transactions in Operational Research",
	volume = "7",
	number = "6",
	pages = "585 - 594",
	year = "2010",
	url = "https://www.deepdyve.com/lp/wiley/using-official-ratings-to-simulate-major-tennis-tournaments-50MI6hPksH",
	author = "Stephen R. Clarke and David Dyte"
}

@Article{omalley,
  author="O'Malley A. James",
  title="Probability Formulas and Statistical Analysis in Tennis",
  journal="Journal of Quantitative Analysis in Sports",
  year="2008",
  volume="4",
  number="2",
  pages="1-23",
  month="April",
  url="https://ideas.repec.org/a/bpj/jqsprt/v4y2008i2n15.html"
}