@mastersthesis{tennis1,
    author    = "Michal Sipko",
    title     = "Machine Learning for the Prediction of Professional Tennis Matches",
    school    = "Imperial College London",
    type     = "M{E}ng Computing - Final Year Project",
    address  = "",
    year      = "2015",
    month    = "June",
    day     = "15"
}

@mastersthesis{tennis2setbyset,
    author    = "Agnieszka M. Madurska",
    title     = "A SET-BY-SET ANALYSIS METHOD FOR PREDICTING THE OUTCOME OF PROFESSIONAL SINGLES TENNIS MATCHES",
    school    = "Imperial College London",
    type     = "M{E}ng Computing- Final Year Project",
    address  = "amm208@doc.ic.ac.uk",
    year      = "2012",
    month    = "June",
    day     = "17"
}

@article{KNOTTENBELT20123820,
	title = "A common-opponent stochastic model for predicting the outcome of professional tennis matches",
	journal = "Computers and Mathematics with Applications",
	volume = "64",
	number = "12",
	pages = "3820 - 3827",
	year = "2012",
	note = "Theory and Practice of Stochastic Modeling",
	issn = "0898-1221",
	doi = "https://doi.org/10.1016/j.camwa.2012.03.005",
	url = "http://www.sciencedirect.com/science/article/pii/S0898122112002106",
	author = "William J. Knottenbelt and Demetris Spanias and Agnieszka M. Madurska",
	keywords = "Stochastic modelling, Tennis, Sport"
}

@article{Clarke2010,
	title = "Using official ratings to simulate major tennis tournaments",
	journal = "International Transactions in Operational Research",
	volume = "7",
	number = "6",
	pages = "585 - 594",
	year = "2010",
	url = "https://www.deepdyve.com/lp/wiley/using-official-ratings-to-simulate-major-tennis-tournaments-50MI6hPksH",
	author = "Stephen R. Clarke and David Dyte"
}

@Article{omalley,
  author="O'Malley A. James",
  title="Probability Formulas and Statistical Analysis in Tennis",
  journal="Journal of Quantitative Analysis in Sports",
  year="2008",
  volume="4",
  number="2",
  pages="1-23",
  month="April",
  url="https://ideas.repec.org/a/bpj/jqsprt/v4y2008i2n15.html"
}

@misc{tennis_atp,
  author = "Jeff Sackmann",
  title = "ATP Tennis Rankings, Results, and Stats",
  year = "2017",
  publisher = "GitHub",
  journal = "GitHub repository",
  url = "https://github.com/JeffSackmann/tennis_atp"
}

@misc{tennis_charting,
  author = "Jeff Sackmann, et al.",
  title = "The Tennis Abstract Match Charting Project",
  year = "2017",
  publisher = "GitHub",
  journal = "GitHub repository",
  url = "https://github.com/JeffSackmann/tennis_MatchChartingProject"
}

@article{scikit-learn,
 title="Scikit-learn: Machine Learning in {P}ython",
 author="Pedregosa, F. and Varoquaux, G. and Gramfort, A. and Michel, V.
         and Thirion, B. and Grisel, O. and Blondel, M. and Prettenhofer, P.
         and Weiss, R. and Dubourg, V. and Vanderplas, J. and Passos, A. and
         Cournapeau, D. and Brucher, M. and Perrot, M. and Duchesnay, E.",
 journal="ournal of Machine Learning Research",
 volume="12",
 pages="2825--2830",
 year="2011"
}

@inproceedings{hsieh2008dual,
  title={A dual coordinate descent method for large-scale linear SVM},
  author={Hsieh, Cho-Jui and Chang, Kai-Wei and Lin, Chih-Jen and Keerthi, S Sathiya and Sundararajan, Sellamanickam},
  booktitle={Proceedings of the 25th international conference on Machine learning},
  pages={408--415},
  year={2008},
  organization={ACM}
}